@article{venkatesh2008technology,
  title={Technology acceptance model 3 and a research agenda on interventions},
  author={Venkatesh, Viswanath and Bala, Hillol},
  journal={Decision sciences},
  volume={39},
  number={2},
  pages={273--315},
  year={2008},
  publisher={Wiley Online Library}
}

@inproceedings{baumer2013limiting,
  title={Limiting, leaving, and (re) lapsing: an exploration of facebook non-use practices and experiences},
  author={Baumer, Eric PS and Adams, Phil and Khovanskaya, Vera D and Liao, Tony C and Smith, Madeline E and Schwanda Sosik, Victoria and Williams, Kaiton},
  booktitle={Proceedings of the SIGCHI conference on human factors in computing systems},
  pages={3257--3266},
  year={2013},
  organization={ACM}
}

@inproceedings{baumer2014refusing,
  title={Refusing, limiting, departing: why we should study technology non-use},
  author={Baumer, Eric PS and Ames, Morgan G and Brubaker, Jed R and Burrell, Jenna and Dourish, Paul},
  booktitle={CHI'14 Extended Abstracts on Human Factors in Computing Systems},
  pages={65--68},
  year={2014},
  organization={ACM}
}

@inproceedings{lampe2013users,
  title={Users and nonusers: Interactions between levels of adoption and social capital},
  author={Lampe, Cliff and Vitak, Jessica and Ellison, Nicole},
  booktitle={Proceedings of the 2013 conference on Computer supported cooperative work},
  pages={809--820},
  year={2013},
  organization={ACM}
}

@article{madden2012privacy,
  title={Privacy management on social media sites},
  author={Madden, Mary},
  journal={Pew Internet Report},
  pages={1--20},
  year={2012}
}

@article{nonnecke2001lurkers,
  title={Why lurkers lurk},
  author={Nonnecke, Blair and Preece, Jenny},
  journal={AMCIS 2001 Proceedings},
  pages={294},
  year={2001}
}

% unppublished

@article{das2017resistance,
  title={Resistance is Not Futile! - Unpacking Social Media Non-Use},
  author={Das, Sanchari and Patil, Sameer},
  journal={Under review},
  pages={1-10},
  year={2017}
}

@article{kiesler1984social,
  title={Social psychological aspects of computer-mediated communication.},
  author={Kiesler, Sara and Siegel, Jane and McGuire, Timothy W},
  journal={American psychologist},
  volume={39},
  number={10},
  pages={1123},
  year={1984},
  publisher={American Psychological Association}
}

@article{wellman2003social,
  title={The social affordances of the Internet for networked individualism},
  author={Wellman, Barry and Quan-Haase, Anabel and Boase, Jeffrey and Chen, Wenhong and Hampton, Keith and D{\'\i}az, Isabel and Miyata, Kakuko},
  journal={Journal of Computer-Mediated Communication},
  volume={8},
  number={3},
  pages={0--0},
  year={2003},
  publisher={Wiley Online Library}
}

@article{lange2006your,
  title={What is your claim to flame?},
  author={Lange, Patricia G},
  journal={First monday},
  volume={11},
  number={9},
  year={2006}
}

@article{pinkman2005using,
  title={Using blogs in the foreign language classroom: Encouraging learner independence},
  author={Pinkman, Kathleen},
  journal={The Jalt CALL Journal},
  volume={1},
  number={1},
  pages={12--24},
  year={2005}
}

@article{duffy2006use,
  title={The use of blogs, wikis and RSS in education: A conversation of possibilities},
  author={Duffy, Peter D and Bruns, Axel},
  year={2006},
  publisher={Queensland University of Technology}
}

@article{williams2004exploring,
  title={Exploring the use of blogs as learning spaces in the higher education sector},
  author={Williams, Jeremy B and Jacobs, Joanne S},
  journal={Australasian journal of educational technology},
  volume={20},
  number={2},
  pages={232--247},
  year={2004},
  publisher={Australasian Society for Computers in Learning in Tertiary Education (ascilite)}
}

@article{koop2009political,
  title={Political blogs and blogrolls in Canada: Forums for democratic deliberation?},
  author={Koop, Royce and Jansen, Harold J},
  journal={Social Science Computer Review},
  volume={27},
  number={2},
  pages={155--173},
  year={2009},
  publisher={Sage Publications Sage CA: Los Angeles, CA}
}

@book{davis2009typing,
  title={Typing politics: The role of blogs in American politics},
  author={Davis, Richard},
  year={2009},
  publisher={Oxford University Press}
}

@inproceedings{gaonkar2008micro,
  title={Micro-blog: sharing and querying content through mobile phones and social participation},
  author={Gaonkar, Shravan and Li, Jack and Choudhury, Romit Roy and Cox, Landon and Schmidt, Al},
  booktitle={Proceedings of the 6th international conference on Mobile systems, applications, and services},
  pages={174--186},
  year={2008},
  organization={ACM}
}

@inproceedings{khabiri2009analyzing,
  title={Analyzing and Predicting Community Preference of Socially Generated Metadata: A Case Study on Comments in the Digg Community.},
  author={Khabiri, Elham and Hsu, Chiao-Fang and Caverlee, James},
  booktitle={ICWSM},
  year={2009}
}

@article{ferdig2004content,
  title={Content delivery in the'Blogosphere'},
  author={Ferdig, Richard E and Trammell, Kaye D},
  journal={THE Journal (Technological Horizons In Education)},
  volume={31},
  number={7},
  pages={12},
  year={2004},
  publisher={1105 Media, Inc.}
}

@article{hookway2008entering,
  title={Entering the blogosphere': some strategies for using blogs in social research},
  author={Hookway, Nicholas},
  journal={Qualitative research},
  volume={8},
  number={1},
  pages={91--113},
  year={2008},
  publisher={Sage Publications Sage UK: London, England}
}

@inproceedings{herring2005conversations,
  title={Conversations in the blogosphere: An analysis" from the bottom up"},
  author={Herring, Susan C and Kouper, Inna and Paolillo, John C and Scheidt, Lois Ann and Tyworth, Michael and Welsch, Peter and Wright, Elijah and Yu, Ning},
  booktitle={System Sciences, 2005. HICSS'05. Proceedings of the 38th Annual Hawaii International Conference on},
  pages={107b--107b},
  year={2005},
  organization={IEEE}
}

@inproceedings{kunegis2009slashdot,
  title={The slashdot zoo: mining a social network with negative edges},
  author={Kunegis, J{\'e}r{\^o}me and Lommatzsch, Andreas and Bauckhage, Christian},
  booktitle={Proceedings of the 18th international conference on World wide web},
  pages={741--750},
  year={2009},
  organization={ACM}
}

@inproceedings{gomez2008statistical,
  title={Statistical analysis of the social network and discussion threads in slashdot},
  author={G{\'o}mez, Vicen{\c{c}} and Kaltenbrunner, Andreas and L{\'o}pez, Vicente},
  booktitle={Proceedings of the 17th international conference on World Wide Web},
  pages={645--654},
  year={2008},
  organization={ACM}
}

@article{poor2005mechanisms,
  title={Mechanisms of an online public sphere: The website Slashdot},
  author={Poor, Nathaniel},
  journal={Journal of Computer-Mediated Communication},
  volume={10},
  number={2},
  pages={00--00},
  year={2005},
  publisher={Wiley Online Library}
}

@article{baoill2000slashdot,
  title={Slashdot and the public sphere},
  author={Baoill, Andrew O},
  journal={first monday},
  volume={5},
  number={9},
  year={2000}
}

@inproceedings{lampe2007follow,
  title={Follow the reader: filtering comments on slashdot},
  author={Lampe, Cliff AC and Johnston, Erik and Resnick, Paul},
  booktitle={Proceedings of the SIGCHI conference on Human factors in computing systems},
  pages={1253--1262},
  year={2007},
  organization={ACM}
}

@inproceedings{kaltenbrunner2007description,
  title={Description and prediction of slashdot activity},
  author={Kaltenbrunner, Andreas and Gomez, Vicenc and Lopez, Vicente},
  booktitle={Web Conference, 2007. LA-WEB 2007. Latin American},
  pages={57--66},
  year={2007},
  organization={IEEE}
}

@phdthesis{halavais2001slashdot,
  title={The Slashdot effect: analysis of a large-scale public conversation on the World Wide Web},
  author={Halavais, Alexander M Campbell},
  year={2001}
}

@inproceedings{gilbert2009blogs,
  title={Blogs are echo chambers: Blogs are echo chambers},
  author={Gilbert, Eric and Bergstrom, Tony and Karahalios, Karrie},
  booktitle={System Sciences, 2009. HICSS'09. 42nd Hawaii International Conference on},
  pages={1--10},
  year={2009},
  organization={IEEE}
}

@article{mason1999issues,
  title={Issues in virtual ethnography in ethnographic studies in real and virtual environments},
  author={Mason, B},
  journal={Inhabited Information Spaces and Connected Communities. Edinburgh},
  year={1999}
}

@article{preece2004top,
  title={The top five reasons for lurking: improving community experiences for everyone},
  author={Preece, Jenny and Nonnecke, Blair and Andrews, Dorine},
  journal={Computers in human behavior},
  volume={20},
  number={2},
  pages={201--223},
  year={2004},
  publisher={Elsevier}
}

@article{schultz2004lurkers,
  title={From lurkers to posters},
  author={Schultz, Nita and Beach, Brad},
  journal={Australian National Training Authority},
  volume={14},
  number={1},
  pages={4--23},
  year={2004}
}

@inproceedings{ames2013managing,
  title={Managing mobile multitasking: the culture of iPhones on stanford campus},
  author={Ames, Morgan G},
  booktitle={Proceedings of the 2013 conference on Computer supported cooperative work},
  pages={1487--1498},
  year={2013},
  organization={ACM}
}

@article{crawford2009following,
  title={Following you: Disciplines of listening in social media},
  author={Crawford, Kate},
  journal={Continuum},
  volume={23},
  number={4},
  pages={525--535},
  year={2009},
  publisher={Taylor \& Francis}
}

@article{portwood2013media,
  title={Media refusal and conspicuous non-consumption: The performative and political dimensions of Facebook abstention},
  author={Portwood-Stacer, Laura},
  journal={New Media \& Society},
  volume={15},
  number={7},
  pages={1041--1057},
  year={2013},
  publisher={Sage Publications Sage UK: London, England}
}

@article{ryan2011uses,
  title={Who uses Facebook? An investigation into the relationship between the Big Five, shyness, narcissism, loneliness, and Facebook usage},
  author={Ryan, Tracii and Xenos, Sophia},
  journal={Computers in Human Behavior},
  volume={27},
  number={5},
  pages={1658--1664},
  year={2011},
  publisher={Elsevier}
}

@book{warschauer2004technology,
  title={Technology and social inclusion: Rethinking the digital divide},
  author={Warschauer, Mark},
  year={2004},
  publisher={MIT press}
}

@article{hargittai2007whose,
  title={Whose space? Differences among users and non-users of social network sites},
  author={Hargittai, Eszter},
  journal={Journal of Computer-Mediated Communication},
  volume={13},
  number={1},
  pages={276--297},
  year={2007},
  publisher={Wiley Online Library}
}

@inproceedings{isah2014social,
  title={Social media analysis for product safety using text mining and sentiment analysis},
  author={Isah, Haruna and Trundle, Paul and Neagu, Daniel},
  booktitle={Computational Intelligence (UKCI), 2014 14th UK Workshop on},
  pages={1--7},
  year={2014},
  organization={IEEE}
}

@inproceedings{cui2006comparative,
  title={Comparative experiments on sentiment classification for online product reviews},
  author={Cui, Hang and Mittal, Vibhu and Datar, Mayur},
  booktitle={AAAI},
  volume={6},
  pages={1265--1270},
  year={2006}
}

@article{mukherjee2012feature,
  title={Feature specific sentiment analysis for product reviews},
  author={Mukherjee, Subhabrata and Bhattacharyya, Pushpak},
  journal={Computational Linguistics and Intelligent Text Processing},
  pages={475--487},
  year={2012},
  publisher={Springer}
}

@article{dang2010lexicon,
  title={A lexicon-enhanced method for sentiment classification: An experiment on online product reviews},
  author={Dang, Yan and Zhang, Yulei and Chen, Hsinchun},
  journal={IEEE Intelligent Systems},
  volume={25},
  number={4},
  pages={46--53},
  year={2010},
  publisher={IEEE}
}

@article{pang2008opinion,
  title={Opinion mining and sentiment analysis},
  author={Pang, Bo and Lee, Lillian and others},
  journal={Foundations and Trends{\textregistered} in Information Retrieval},
  volume={2},
  number={1--2},
  pages={1--135},
  year={2008},
  publisher={Now Publishers, Inc.}
}

@article{liu2012sentiment,
  title={Sentiment analysis and opinion mining},
  author={Liu, Bing},
  journal={Synthesis lectures on human language technologies},
  volume={5},
  number={1},
  pages={1--167},
  year={2012},
  publisher={Morgan \& Claypool Publishers}
}

@inproceedings{mullen2006preliminary,
  title={A Preliminary Investigation into Sentiment Analysis of Informal Political Discourse.},
  author={Mullen, Tony and Malouf, Robert},
  booktitle={AAAI Spring Symposium: Computational Approaches to Analyzing Weblogs},
  pages={159--162},
  year={2006}
}

@article{cambria2013new,
  title={New avenues in opinion mining and sentiment analysis},
  author={Cambria, Erik and Schuller, Bj{\"o}rn and Xia, Yunqing and Havasi, Catherine},
  journal={IEEE Intelligent Systems},
  volume={28},
  number={2},
  pages={15--21},
  year={2013},
  publisher={IEEE}
}

@inproceedings{pak2010twitter,
  title={Twitter as a corpus for sentiment analysis and opinion mining.},
  author={Pak, Alexander and Paroubek, Patrick},
  booktitle={LREc},
  volume={10},
  number={2010},
  year={2010}
}

@article{kouloumpis2011twitter,
  title={Twitter sentiment analysis: The good the bad and the omg!},
  author={Kouloumpis, Efthymios and Wilson, Theresa and Moore, Johanna D},
  journal={Icwsm},
  volume={11},
  number={538-541},
  pages={164},
  year={2011}
}

@article{mohammad2013nrc,
  title={NRC-Canada: Building the state-of-the-art in sentiment analysis of tweets},
  author={Mohammad, Saif M and Kiritchenko, Svetlana and Zhu, Xiaodan},
  journal={arXiv preprint arXiv:1308.6242},
  year={2013}
}

@article{godbole2007large,
  title={Large-Scale Sentiment Analysis for News and Blogs.},
  author={Godbole, Namrata and Srinivasaiah, Manja and Skiena, Steven},
  journal={ICWSM},
  volume={7},
  number={21},
  pages={219--222},
  year={2007}
}

@inproceedings{wang2012tm,
  title={TM-LDA: efficient online modeling of latent topic transitions in social media},
  author={Wang, Yu and Agichtein, Eugene and Benzi, Michele},
  booktitle={Proceedings of the 18th ACM SIGKDD international conference on Knowledge discovery and data mining},
  pages={123--131},
  year={2012},
  organization={ACM}
}

@inproceedings{hu2013spatial,
  title={Spatial topic modeling in online social media for location recommendation},
  author={Hu, Bo and Ester, Martin},
  booktitle={Proceedings of the 7th ACM conference on Recommender systems},
  pages={25--32},
  year={2013},
  organization={ACM}
}

@inproceedings{paul2009cross,
  title={Cross-cultural analysis of blogs and forums with mixed-collection topic models},
  author={Paul, Michael and Girju, Roxana},
  booktitle={Proceedings of the 2009 Conference on Empirical Methods in Natural Language Processing: Volume 3-Volume 3},
  pages={1408--1417},
  year={2009},
  organization={Association for Computational Linguistics}
}

@inproceedings{yano2009predicting,
  title={Predicting response to political blog posts with topic models},
  author={Yano, Tae and Cohen, William W and Smith, Noah A},
  booktitle={Proceedings of Human Language Technologies: The 2009 Annual Conference of the North American Chapter of the Association for Computational Linguistics},
  pages={477--485},
  year={2009},
  organization={Association for Computational Linguistics}
}

@article{lohr2012age,
  title={The age of big data},
  author={Lohr, Steve},
  journal={New York Times},
  volume={11},
  number={2012},
  year={2012}
}

@article{shin2010effects,
  title={The effects of trust, security and privacy in social networking: A security-based approach to understand the pattern of adoption},
  author={Shin, Dong-Hee},
  journal={Interacting with computers},
  volume={22},
  number={5},
  pages={428--438},
  year={2010},
  publisher={Oxford University Press}
}

@article{younis2015sentiment,
  title={Sentiment Analysis and Text Mining for Social Media Microblogs using Open Source Tools: An Empirical Study},
  author={Younis, Eman MG},
  journal={International Journal of Computer Applications},
  volume={112},
  number={5},
  year={2015},
  publisher={Foundation of Computer Science}
}

@inproceedings{wang2013gender,
  title={Gender, topic, and audience response: an analysis of user-generated content on facebook},
  author={Wang, Yi-Chia and Burke, Moira and Kraut, Robert E},
  booktitle={Proceedings of the SIGCHI Conference on Human Factors in Computing Systems},
  pages={31--34},
  year={2013},
  organization={ACM}
}

@article{suresh2015autodetection,
  title={Autodetection and Classification of Hidden Cultural City Districts from Yelp Reviews},
  author={Suresh, Harini and Locascio, Nicholas},
  journal={arXiv preprint arXiv:1501.02527},
  year={2015}
}

@article{choo2013utopian,
  title={Utopian: User-driven topic modeling based on interactive nonnegative matrix factorization},
  author={Choo, Jaegul and Lee, Changhyun and Reddy, Chandan K and Park, Haesun},
  journal={IEEE transactions on visualization and computer graphics},
  volume={19},
  number={12},
  pages={1992--2001},
  year={2013},
  publisher={IEEE}
}

@inproceedings{hutto2014vader,
  title={Vader: A parsimonious rule-based model for sentiment analysis of social media text},
  author={Hutto, Clayton J and Gilbert, Eric},
  booktitle={Eighth international AAAI conference on weblogs and social media},
  year={2014}
}

@inproceedings{pang2004sentimental,
  title={A sentimental education: Sentiment analysis using subjectivity summarization based on minimum cuts},
  author={Pang, Bo and Lee, Lillian},
  booktitle={Proceedings of the 42nd annual meeting on Association for Computational Linguistics},
  pages={271},
  year={2004},
  organization={Association for Computational Linguistics}
}

@inproceedings{hu2004mining,
  title={Mining and summarizing customer reviews},
  author={Hu, Minqing and Liu, Bing},
  booktitle={Proceedings of the tenth ACM SIGKDD international conference on Knowledge discovery and data mining},
  pages={168--177},
  year={2004},
  organization={ACM}
}



  @article{blei2003latent,
  title={Latent dirichlet allocation},
  author={Blei, David M and Ng, Andrew Y and Jordan, Michael I},
  journal={Journal of machine Learning research},
  volume={3},
  number={Jan},
  pages={993--1022},
  year={2003}
}

@inproceedings{joinson2008looking,
  title={Looking at, looking up or keeping up with people?: motives and use of facebook},
  author={Joinson, Adam N},
  booktitle={Proceedings of the SIGCHI conference on Human Factors in Computing Systems},
  pages={1027--1036},
  year={2008},
  organization={ACM}
}