%% This BibTeX bibliography file was created using BibDesk.
%% http://bibdesk.sourceforge.net/


%% Created for Sameer Patil at 2018-06-12 02:57:57 -0400 


%% Saved with string encoding Unicode (UTF-8) 



@article{page2018social,
	Author = {Xinru Page and Pamela Wisniewski and Bart Knijnenburg and Moses Namara},
	Date-Added = {2018-06-12 06:55:57 +0000},
	Date-Modified = {2018-06-12 06:57:26 +0000},
	Journal = {Internet Research},
	Title = {Social Media's Have-Nots: An Era of Social Disenfranchisement},
	Volume = {4},
	Year = {2018}}

@article{gillette2015facebook,
	Author = {Gillette, Sydney M},
	Title = {Facebook's Fall In The Social Media Age},
	Year = {2015}}

@misc{statistafacebook2017,
	Journal = {Statista},
	Title = {Facebook users worldwide 2017},
	Url = {https://www.statista.com/statistics/264810/number-of-monthly-active-facebook-users-worldwide/},
	Bdsk-Url-1 = {https://www.statista.com/statistics/264810/number-of-monthly-active-facebook-users-worldwide/}}

@misc{greenwood2016social,
	Author = {Greenwood, Shannon and Perrin, Andrew and Duggan, Maeve},
	Date-Modified = {2017-09-11 14:53:34 +0000},
	Journal = {Pew Research Center: Internet, Science & Tech},
	Month = {Nov},
	Title = {Social Media Update 2016},
	Url = {http://www.pewinternet.org/2016/11/11/social-media-update-2016/},
	Year = {2016},
	Bdsk-Url-1 = {http://www.pewinternet.org/2016/11/11/social-media-update-2016/}}

@misc{sophos2016,
	Journal = {IT Security Trends | Network Security Trends to Watch | Sophos},
	Title = {Trends to Watch in 2016},
	Url = {https://www.sophos.com/en-us/security-news-trends/security-trends/network-security-top-trends.aspx},
	Bdsk-Url-1 = {https://www.sophos.com/en-us/security-news-trends/security-trends/network-security-top-trends.aspx}}

@misc{guynn_2014,
	Author = {Guynn, Jessica},
	Journal = {USA Today},
	Month = {Jul},
	Publisher = {Gannett Satellite Information Network},
	Title = {Survey: Facebook scores low in customer satisfaction},
	Url = {https://www.usatoday.com/story/tech/2014/07/22/facebook-customer-satisfaction/12994539/},
	Year = {2014},
	Bdsk-Url-1 = {https://www.usatoday.com/story/tech/2014/07/22/facebook-customer-satisfaction/12994539/}}

@inproceedings{lampe2013users,
	Acmid = {2441867},
	Address = {New York, NY, USA},
	Author = {Lampe, Cliff and Vitak, Jessica and Ellison, Nicole},
	Booktitle = {Proceedings of the 2013 Conference on Computer Supported Cooperative Work},
	Doi = {10.1145/2441776.2441867},
	Isbn = {978-1-4503-1331-5},
	Keywords = {facebook, social capital, social network sites, technology adoption},
	Location = {San Antonio, Texas, USA},
	Pages = {809--820},
	Publisher = {ACM},
	Series = {CSCW '13},
	Title = {Users and Nonusers: Interactions Between Levels of Adoption and Social Capital},
	Url = {http://doi.acm.org/10.1145/2441776.2441867},
	Year = {2013},
	Bdsk-Url-1 = {http://doi.acm.org/10.1145/2441776.2441867},
	Bdsk-Url-2 = {https://doi.org/10.1145/2441776.2441867}}

@inproceedings{baumer2013limiting,
	Acmid = {2466446},
	Address = {New York, NY, USA},
	Author = {Baumer, Eric P.S. and Adams, Phil and Khovanskaya, Vera D. and Liao, Tony C. and Smith, Madeline E. and Schwanda Sosik, Victoria and Williams, Kaiton},
	Booktitle = {Proceedings of the SIGCHI Conference on Human Factors in Computing Systems},
	Doi = {10.1145/2470654.2466446},
	Isbn = {978-1-4503-1899-0},
	Keywords = {facebook, non-use, technology refusal},
	Location = {Paris, France},
	Pages = {3257--3266},
	Publisher = {ACM},
	Series = {CHI '13},
	Title = {Limiting, Leaving, and (Re)Lapsing: An Exploration of Facebook Non-use Practices and Experiences},
	Url = {http://doi.acm.org/10.1145/2470654.2466446},
	Year = {2013},
	Bdsk-Url-1 = {http://doi.acm.org/10.1145/2470654.2466446},
	Bdsk-Url-2 = {https://doi.org/10.1145/2470654.2466446}}

@inproceedings{bauer2013post,
	Acmid = {2517859},
	Address = {New York, NY, USA},
	Author = {Bauer, Lujo and Cranor, Lorrie Faith and Komanduri, Saranga and Mazurek, Michelle L. and Reiter, Michael K. and Sleeper, Manya and Ur, Blase},
	Booktitle = {Proceedings of the 12th ACM Workshop on Workshop on Privacy in the Electronic Society},
	Doi = {10.1145/2517840.2517859},
	Isbn = {978-1-4503-2485-4},
	Keywords = {access control, facebook, privacy, sns, temporality, time, users},
	Location = {Berlin, Germany},
	Pages = {1--12},
	Publisher = {ACM},
	Series = {WPES '13},
	Title = {The Post Anachronism: The Temporal Dimension of Facebook Privacy},
	Url = {http://doi.acm.org/10.1145/2517840.2517859},
	Year = {2013},
	Bdsk-Url-1 = {http://doi.acm.org/10.1145/2517840.2517859},
	Bdsk-Url-2 = {https://doi.org/10.1145/2517840.2517859}}

@misc{abuse2017,
	Author = {Commentary},
	Journal = {Quartz},
	Month = {Aug},
	Publisher = {Quartz},
	Title = {Linguistic data analysis of 3 billion Reddit comments shows the alt-right is getting stronger},
	Url = {https://qz.com/1056319/what-is-the-alt-right-a-linguistic-data-analysis-of-3-billion-reddit-comments-shows-a-disparate-group-that-is-quickly-uniting/},
	Year = {2017},
	Bdsk-Url-1 = {https://qz.com/1056319/what-is-the-alt-right-a-linguistic-data-analysis-of-3-billion-reddit-comments-shows-a-disparate-group-that-is-quickly-uniting/}}

@misc{newyorktimes2017,
	Author = {Pamela Paul},
	Journal = {The New York Times},
	Month = {Aug},
	Publisher = {The New York Times},
	Title = {Save Your Sanity. Downgrade Your Life.},
	Url = {https://www.nytimes.com/2017/08/18/opinion/sunday/technology-downgrade-sanity.html},
	Year = {2017},
	Bdsk-Url-1 = {https://www.nytimes.com/2017/08/18/opinion/sunday/technology-downgrade-sanity.html?ref=opinion},
	Bdsk-Url-2 = {https://www.nytimes.com/2017/08/18/opinion/sunday/technology-downgrade-sanity.html}}

@article{ellison2007benefits,
	Author = {Ellison, Nicole B and Steinfield, Charles and Lampe, Cliff},
	Journal = {Journal of Computer-Mediated Communication},
	Number = {4},
	Pages = {1143--1168},
	Publisher = {Wiley Online Library},
	Title = {The benefits of Facebook ``friends:'' Social capital and college students' use of online social network sites},
	Volume = {12},
	Year = {2007}}

@misc{code_post_2017,
	Journal = {The PR Post},
	Month = {Jun},
	Title = {An example of how to perform open coding, axial coding and selective coding},
	Url = {https://prpost.wordpress.com/2013/07/22/an-example-of-how-to-perform-open-coding-axial-coding-and-selective-coding/},
	Year = {2017},
	Bdsk-Url-1 = {https://prpost.wordpress.com/2013/07/22/an-example-of-how-to-perform-open-coding-axial-coding-and-selective-coding/}}

@article{glaser1968discovery,
	Author = {Glaser, Barney G and Strauss, Anselm L and Strutzel, Elizabeth},
	Journal = {Nursing research},
	Number = {4},
	Pages = {364},
	Publisher = {LWW},
	Title = {The discovery of grounded theory; strategies for qualitative research.},
	Volume = {17},
	Year = {1968}}

@article{madden2012privacy,
	Author = {Madden, Mary},
	Journal = {Pew Internet Report},
	Pages = {1--20},
	Title = {Privacy management on social media sites},
	Year = {2012}}

@article{crawford2009following,
	Author = {Crawford, Kate},
	Journal = {Continuum},
	Number = {4},
	Pages = {525--535},
	Publisher = {Taylor \& Francis},
	Title = {Following you: Disciplines of listening in social media},
	Volume = {23},
	Year = {2009}}

@article{preece2004top,
	Author = {Preece, Jenny and Nonnecke, Blair and Andrews, Dorine},
	Journal = {Computers in human behavior},
	Number = {2},
	Pages = {201--223},
	Publisher = {Elsevier},
	Title = {The top five reasons for lurking: improving community experiences for everyone},
	Volume = {20},
	Year = {2004}}

@article{nonnecke2001lurkers,
	Author = {Nonnecke, Blair and Preece, Jenny},
	Journal = {AMCIS 2001 Proceedings},
	Pages = {294},
	Title = {Why lurkers lurk},
	Year = {2001}}

@inproceedings{ames2013managing,
	Acmid = {2441945},
	Address = {New York, NY, USA},
	Author = {Ames, Morgan G.},
	Booktitle = {Proceedings of the 2013 Conference on Computer Supported Cooperative Work},
	Doi = {10.1145/2441776.2441945},
	Isbn = {978-1-4503-1331-5},
	Keywords = {ant, digital native, ethnography, iphones, mobile phones, multitasking, scot, smartphones, technofeminism},
	Location = {San Antonio, Texas, USA},
	Pages = {1487--1498},
	Publisher = {ACM},
	Series = {CSCW '13},
	Title = {Managing Mobile Multitasking: The Culture of iPhones on Stanford Campus},
	Url = {http://doi.acm.org/10.1145/2441776.2441945},
	Year = {2013},
	Bdsk-Url-1 = {http://doi.acm.org/10.1145/2441776.2441945},
	Bdsk-Url-2 = {https://doi.org/10.1145/2441776.2441945}}

@article{portwood2013media,
	Author = {Portwood-Stacer, Laura},
	Journal = {New Media \& Society},
	Number = {7},
	Pages = {1041--1057},
	Publisher = {Sage Publications Sage UK: London, England},
	Title = {Media refusal and conspicuous non-consumption: The performative and political dimensions of Facebook abstention},
	Volume = {15},
	Year = {2013}}

@book{warschauer2004technology,
	Author = {Warschauer, Mark},
	Publisher = {MIT press},
	Title = {Technology and social inclusion: Rethinking the digital divide},
	Year = {2004}}

@article{ryan2011uses,
	Author = {Ryan, Tracii and Xenos, Sophia},
	Journal = {Computers in Human Behavior},
	Number = {5},
	Pages = {1658--1664},
	Publisher = {Elsevier},
	Title = {Who uses Facebook? An investigation into the relationship between the Big Five, shyness, narcissism, loneliness, and Facebook usage},
	Volume = {27},
	Year = {2011}}

@article{schultz2004lurkers,
	Author = {Schultz, Nita and Beach, Brad},
	Journal = {Australian National Training Authority},
	Number = {1},
	Pages = {4--23},
	Title = {From lurkers to posters},
	Volume = {14},
	Year = {2004}}

@article{hargittai2007whose,
	Author = {Hargittai, Eszter},
	Journal = {Journal of Computer-Mediated Communication},
	Number = {1},
	Pages = {276--297},
	Publisher = {Wiley Online Library},
	Title = {Whose space? Differences among users and non-users of social network sites},
	Volume = {13},
	Year = {2007}}

@article{wellman2003social,
	Author = {Wellman, Barry and Quan-Haase, Anabel and Boase, Jeffrey and Chen, Wenhong and Hampton, Keith and D{\'\i}az, Isabel and Miyata, Kakuko},
	Journal = {Journal of Computer-Mediated Communication},
	Number = {3},
	Pages = {0--0},
	Publisher = {Wiley Online Library},
	Title = {The social affordances of the Internet for networked individualism},
	Volume = {8},
	Year = {2003}}

@article{shin2010effects,
	Author = {Shin, Dong-Hee},
	Journal = {Interacting with computers},
	Number = {5},
	Pages = {428--438},
	Publisher = {Oxford University Press},
	Title = {The effects of trust, security and privacy in social networking: A security-based approach to understand the pattern of adoption},
	Volume = {22},
	Year = {2010}}

@inproceedings{zhao2012s,
	Acmid = {2207788},
	Address = {New York, NY, USA},
	Author = {Zhao, Xuan and Schwanda Sosik, Victoria and Cosley, Dan},
	Booktitle = {Proceedings of the SIGCHI Conference on Human Factors in Computing Systems},
	Doi = {10.1145/2207676.2207788},
	Isbn = {978-1-4503-1015-4},
	Keywords = {interpersonal communication, romantic relationships, self-presentation, social media},
	Location = {Austin, Texas, USA},
	Pages = {771--780},
	Publisher = {ACM},
	Series = {CHI '12},
	Title = {It's Complicated: How Romantic Partners Use Facebook},
	Url = {http://doi.acm.org/10.1145/2207676.2207788},
	Year = {2012},
	Bdsk-Url-1 = {http://doi.acm.org/10.1145/2207676.2207788},
	Bdsk-Url-2 = {https://doi.org/10.1145/2207676.2207788}}

@article{wyatt2003non,
	Author = {Wyatt, Sally ME and Oudshoorn, N and Pinch, T},
	Journal = {Now Users Matter: The Co-construction of Users and Technology},
	Pages = {67--79},
	Publisher = {MIT Press},
	Title = {Non-users also matter: The construction of users and non-users of the Internet},
	Year = {2003}}

@article{verdegem2009profiling,
	Author = {Verdegem, Pieter and Verhoest, Pascal},
	Journal = {Telecommunications Policy},
	Number = {10},
	Pages = {642--652},
	Publisher = {Elsevier},
	Title = {Profiling the non-user: Rethinking policy initiatives stimulating ICT acceptance},
	Volume = {33},
	Year = {2009}}

@book{van2005deepening,
	Author = {Van Dijk, Jan AGM},
	Publisher = {Sage Publications},
	Title = {The deepening divide: Inequality in the information society},
	Year = {2005}}

@inproceedings{satchell2009beyond,
	Acmid = {1738829},
	Address = {New York, NY, USA},
	Author = {Satchell, Christine and Dourish, Paul},
	Booktitle = {Proceedings of the 21st Annual Conference of the Australian Computer-Human Interaction Special Interest Group: Design: Open 24/7},
	Doi = {10.1145/1738826.1738829},
	Isbn = {978-1-60558-854-4},
	Keywords = {non-use, non-users, users},
	Location = {Melbourne, Australia},
	Pages = {9--16},
	Publisher = {ACM},
	Series = {OZCHI '09},
	Title = {Beyond the User: Use and Non-use in HCI},
	Url = {http://doi.acm.org/10.1145/1738826.1738829},
	Year = {2009},
	Bdsk-Url-1 = {http://doi.acm.org/10.1145/1738826.1738829},
	Bdsk-Url-2 = {https://doi.org/10.1145/1738826.1738829}}

@article{rainie2012tone,
	Author = {Rainie, Lee and Lenhart, Amanda and Smith, Aaron},
	Journal = {Pew Internet Report},
	Title = {The tone of life on social networking sites},
	Year = {2012}}

@article{lenhart2011teens,
	Author = {Lenhart, Amanda and Madden, Mary and Smith, Aaron and Purcell, Kristen and Zickuhr, Kathryn and Rainie, Lee},
	Journal = {Pew Internet \& American Life Project},
	Publisher = {ERIC},
	Title = {Teens, Kindness and Cruelty on Social Network Sites: How American Teens Navigate the New World of" Digital Citizenship".},
	Year = {2011}}

@inproceedings{rader2012stories,
	Acmid = {2335364},
	Address = {New York, NY, USA},
	Articleno = {6},
	Author = {Rader, Emilee and Wash, Rick and Brooks, Brandon},
	Booktitle = {Proceedings of the Eighth Symposium on Usable Privacy and Security},
	Doi = {10.1145/2335356.2335364},
	Isbn = {978-1-4503-1532-6},
	Keywords = {mental models, security stories, stories, storytelling},
	Location = {Washington, D.C.},
	Pages = {6:1--6:17},
	Publisher = {ACM},
	Series = {SOUPS '12},
	Title = {Stories As Informal Lessons About Security},
	Url = {http://doi.acm.org/10.1145/2335356.2335364},
	Year = {2012},
	Bdsk-Url-1 = {http://doi.acm.org/10.1145/2335356.2335364},
	Bdsk-Url-2 = {https://doi.org/10.1145/2335356.2335364}}

@inproceedings{pierce2012undesigning,
	Acmid = {2208540},
	Address = {New York, NY, USA},
	Author = {Pierce, James},
	Booktitle = {Proceedings of the SIGCHI Conference on Human Factors in Computing Systems},
	Doi = {10.1145/2207676.2208540},
	Isbn = {978-1-4503-1015-4},
	Keywords = {design, design theory, sustainability, undesign},
	Location = {Austin, Texas, USA},
	Pages = {957--966},
	Publisher = {ACM},
	Series = {CHI '12},
	Title = {Undesigning Technology: Considering the Negation of Design by Design},
	Url = {http://doi.acm.org/10.1145/2207676.2208540},
	Year = {2012},
	Bdsk-Url-1 = {http://doi.acm.org/10.1145/2207676.2208540},
	Bdsk-Url-2 = {https://doi.org/10.1145/2207676.2208540}}

@article{mclaughlin2012norm,
	Author = {McLaughlin, Caitlin and Vitak, Jessica},
	Journal = {New media \& society},
	Number = {2},
	Pages = {299--315},
	Publisher = {Sage Publications Sage UK: London, England},
	Title = {Norm evolution and violation on Facebook},
	Volume = {14},
	Year = {2012}}

@article{karppi2011digital,
	Author = {Karppi, Tero},
	Journal = {Transformations (14443775)},
	Number = {20},
	Title = {Digital Suicide and the Biopolitics of Leaving Facebook.},
	Year = {2011}}

@inproceedings{joinson2008looking,
	Acmid = {1357213},
	Address = {New York, NY, USA},
	Author = {Joinson, Adam N.},
	Booktitle = {Proceedings of the SIGCHI Conference on Human Factors in Computing Systems},
	Doi = {10.1145/1357054.1357213},
	Isbn = {978-1-60558-011-1},
	Keywords = {communication, facebook, motivation, social networking sites, uses and gratifications},
	Location = {Florence, Italy},
	Pages = {1027--1036},
	Publisher = {ACM},
	Series = {CHI '08},
	Title = {Looking at, Looking Up or Keeping Up with People?: Motives and Use of Facebook},
	Url = {http://doi.acm.org/10.1145/1357054.1357213},
	Year = {2008},
	Bdsk-Url-1 = {http://doi.acm.org/10.1145/1357054.1357213},
	Bdsk-Url-2 = {https://doi.org/10.1145/1357054.1357213}}

@article{gershon2011friend,
	Author = {Gershon, Ilana},
	Journal = {Anthropological Quarterly},
	Number = {4},
	Pages = {865--894},
	Publisher = {George Washington University Institute for Ethnographic Research},
	Title = {Un-friend my heart: Facebook, promiscuity, and heartbreak in a neoliberal age},
	Volume = {84},
	Year = {2011}}

@inproceedings{dimicco2007identity,
	Acmid = {1316682},
	Address = {New York, NY, USA},
	Author = {DiMicco, Joan Morris and Millen, David R.},
	Booktitle = {Proceedings of the 2007 International ACM Conference on Supporting Group Work},
	Doi = {10.1145/1316624.1316682},
	Isbn = {978-1-59593-845-9},
	Keywords = {identity, online communities, social computing, social networks, workplace},
	Location = {Sanibel Island, Florida, USA},
	Pages = {383--386},
	Publisher = {ACM},
	Series = {GROUP '07},
	Title = {Identity Management: Multiple Presentations of Self in Facebook},
	Url = {http://doi.acm.org/10.1145/1316624.1316682},
	Year = {2007},
	Bdsk-Url-1 = {http://doi.acm.org/10.1145/1316624.1316682},
	Bdsk-Url-2 = {https://doi.org/10.1145/1316624.1316682}}

@article{ellison2007social,
	Author = {Ellison, Nicole B and others},
	Journal = {Journal of Computer-Mediated Communication},
	Number = {1},
	Pages = {210--230},
	Publisher = {Wiley Online Library},
	Title = {Social network sites: Definition, history, and scholarship},
	Volume = {13},
	Year = {2007}}

@article{birnholtz2010adopt,
	Author = {Birnholtz, Jeremy},
	Journal = {Computers in Human Behavior},
	Number = {6},
	Pages = {1427--1433},
	Publisher = {Elsevier},
	Title = {Adopt, adapt, abandon: Understanding why some young adults start, and then stop, using instant messaging},
	Volume = {26},
	Year = {2010}}

@book{bijker2012social,
	Author = {Bijker, Wiebe E and Hughes, Thomas P and Pinch, Trevor and Douglas, Deborah G},
	Publisher = {MIT press},
	Title = {The social construction of technological systems: New directions in the sociology and history of technology},
	Year = {2012}}

@article{bucur1999older,
	Author = {Bucur, Alexander and RENOLD III, CARL and Henke, Maria},
	Journal = {CyberPsychology \& Behavior},
	Number = {6},
	Pages = {505--513},
	Title = {How do older netcitizens compare with their younger counterparts?},
	Volume = {2},
	Year = {1999}}

@article{jung2016imagined,
	Author = {Jung, Yumi and Rader, Emilee},
	Journal = {Social Media+ Society},
	Number = {2},
	Pages = {2056305116644615},
	Publisher = {SAGE Publications Sage UK: London, England},
	Title = {The Imagined Audience and Privacy Concern on Facebook: Differences Between Producers and Consumers},
	Volume = {2},
	Year = {2016}}

@article{stieger2013commits,
	Author = {Stieger, Stefan and Burger, Christoph and Bohn, Manuel and Voracek, Martin},
	Journal = {Cyberpsychology, Behavior, and Social Networking},
	Number = {9},
	Pages = {629--634},
	Publisher = {Mary Ann Liebert, Inc. 140 Huguenot Street, 3rd Floor New Rochelle, NY 10801 USA},
	Title = {Who commits virtual identity suicide? Differences in privacy concerns, internet addiction, and personality between Facebook users and quitters},
	Volume = {16},
	Year = {2013}}

@book{madden2006online,
	Author = {Madden, Mary and Lenhart, Amanda},
	Publisher = {Pew Internet \& American Life Project},
	Title = {Online dating: Americans who are seeking romance use the Internet to help them in their search, but there is still widespread public concern about the safety of online dating},
	Year = {2006}}

@article{zhao2008identity,
	Author = {Zhao, Shanyang and Grasmuck, Sherri and Martin, Jason},
	Journal = {Computers in human behavior},
	Number = {5},
	Pages = {1816--1836},
	Publisher = {Elsevier},
	Title = {Identity construction on Facebook: Digital empowerment in anchored relationships},
	Volume = {24},
	Year = {2008}}

@article{fuchs2012political,
	Author = {Fuchs, Christian},
	Journal = {Television \& New Media},
	Number = {2},
	Pages = {139--159},
	Publisher = {Sage Publications Sage CA: Los Angeles, CA},
	Title = {The political economy of privacy on Facebook},
	Volume = {13},
	Year = {2012}}

@article{nosko2010all,
	Author = {Nosko, Amanda and Wood, Eileen and Molema, Seija},
	Journal = {Computers in Human Behavior},
	Number = {3},
	Pages = {406--418},
	Publisher = {Elsevier},
	Title = {All about me: Disclosure in online social networking profiles: The case of FACEBOOK},
	Volume = {26},
	Year = {2010}}

@article{baumer2015study,
	Author = {Baumer, Eric PS and Ames, Morgan G and Burrell, Jenna and Brubaker, Jed R and Dourish, Paul},
	Journal = {First Monday},
	Number = {11},
	Title = {Why study technology non-use?},
	Volume = {20},
	Year = {2015}}

@article{baumer2015importance,
	Author = {Baumer, Eric PS and Burrell, Jenna and Ames, Morgan G and Brubaker, Jed R and Dourish, Paul},
	Journal = {interactions},
	Number = {2},
	Pages = {52--56},
	Publisher = {ACM},
	Title = {On the importance and implications of studying technology non-use},
	Volume = {22},
	Year = {2015}}

@article{baumer2015missing,
	Author = {Baumer, Eric PS and Guha, Shion and Quan, Emily and Mimno, David and Gay, Geri K},
	Journal = {Social Media+ Society},
	Number = {2},
	Pages = {2056305115614851},
	Publisher = {SAGE Publications Sage UK: London, England},
	Title = {Missing photos, suffering withdrawal, or finding freedom? How experiences of social media non-use influence the likelihood of reversion},
	Volume = {1},
	Year = {2015}}

@article{baumer2017comparing,
	Author = {Baumer, Eric PS and Mimno, David and Guha, Shion and Quan, Emily and Gay, Geri K},
	Journal = {Journal of the Association for Information Science and Technology},
	Number = {6},
	Pages = {1397--1410},
	Publisher = {Wiley Online Library},
	Title = {Comparing grounded theory and topic modeling: Extreme divergence or unlikely convergence?},
	Volume = {68},
	Year = {2017}}

@inproceedings{baumer2011implication,
	Acmid = {1979275},
	Address = {New York, NY, USA},
	Author = {Baumer, Eric P.S. and Silberman, M. Six},
	Booktitle = {Proceedings of the SIGCHI Conference on Human Factors in Computing Systems},
	Doi = {10.1145/1978942.1979275},
	Isbn = {978-1-4503-0228-9},
	Keywords = {design, non-design, reflective hci, sustainability},
	Location = {Vancouver, BC, Canada},
	Pages = {2271--2274},
	Publisher = {ACM},
	Series = {CHI '11},
	Title = {When the Implication is Not to Design (Technology)},
	Url = {http://doi.acm.org/10.1145/1978942.1979275},
	Year = {2011},
	Bdsk-Url-1 = {http://doi.acm.org/10.1145/1978942.1979275},
	Bdsk-Url-2 = {https://doi.org/10.1145/1978942.1979275}}

@inproceedings{baumer2017subjects,
	Author = {Baumer, Eric PS and Xu, Xiaotong and Chu, Christine and Guha, Shion and Gay, Geri K},
	Title = {When Subjects Interpret the Data: Social Media Non-use as a Case for Adapting the Delphi Method to CSCW.},
	Year = {2017}}

@inproceedings{dupree2016privacy,
	Acmid = {2858214},
	Address = {New York, NY, USA},
	Author = {Dupree, Janna Lynn and Devries, Richard and Berry, Daniel M. and Lank, Edward},
	Booktitle = {Proceedings of the 2016 CHI Conference on Human Factors in Computing Systems},
	Doi = {10.1145/2858036.2858214},
	Isbn = {978-1-4503-3362-7},
	Keywords = {interviews, persona, privacy, security, user differences},
	Location = {San Jose, California, USA},
	Pages = {5228--5239},
	Publisher = {ACM},
	Series = {CHI '16},
	Title = {Privacy Personas: Clustering Users via Attitudes and Behaviors Toward Security Practices},
	Url = {http://doi.acm.org/10.1145/2858036.2858214},
	Year = {2016},
	Bdsk-Url-1 = {http://doi.acm.org/10.1145/2858036.2858214},
	Bdsk-Url-2 = {https://doi.org/10.1145/2858036.2858214}}

@article{gillespie2011can,
	Author = {Gillespie, Tarleton},
	Journal = {Culture Digitally},
	Title = {Can an algorithm be wrong? Twitter Trends, the specter of censorship, and our faith in the algorithms around us},
	Volume = {19},
	Year = {2011}}

@inproceedings{kang2015my,
	Author = {Kang, Ruogu and Dabbish, Laura and Fruchter, Nathaniel and Kiesler, Sara},
	Booktitle = {Symposium on Usable Privacy and Security (SOUPS)},
	Organization = {USENIX Association Berkeley, CA},
	Pages = {39--52},
	Title = {my data just goes everywhere:'' user mental models of the internet and implications for privacy and security},
	Year = {2015}}

@article{litt2013understanding,
	Author = {Litt, Eden},
	Journal = {Computers in Human Behavior},
	Number = {4},
	Pages = {1649--1656},
	Publisher = {Elsevier},
	Title = {Understanding social network site users' privacy tool use},
	Volume = {29},
	Year = {2013}}

@inproceedings{phelan2016s,
	Acmid = {2858381},
	Address = {New York, NY, USA},
	Author = {Phelan, Chanda and Lampe, Cliff and Resnick, Paul},
	Booktitle = {Proceedings of the 2016 CHI Conference on Human Factors in Computing Systems},
	Doi = {10.1145/2858036.2858381},
	Isbn = {978-1-4503-3362-7},
	Keywords = {privacy, privacy paradox, social awareness, social media, trust},
	Location = {San Jose, California, USA},
	Pages = {5240--5251},
	Publisher = {ACM},
	Series = {CHI '16},
	Title = {It's Creepy, But It Doesn't Bother Me},
	Url = {http://doi.acm.org/10.1145/2858036.2858381},
	Year = {2016},
	Bdsk-Url-1 = {http://doi.acm.org/10.1145/2858036.2858381},
	Bdsk-Url-2 = {https://doi.org/10.1145/2858036.2858381}}

@article{rainie2015americans,
	Author = {Rainie, Lee and Madden, Mary},
	Journal = {Pew Research Center},
	Title = {Americans' privacy strategies post-Snowden},
	Volume = {16},
	Year = {2015}}

@inproceedings{schoenebeck2014giving,
	Acmid = {2556983},
	Address = {New York, NY, USA},
	Author = {Schoenebeck, Sarita Yardi},
	Booktitle = {Proceedings of the SIGCHI Conference on Human Factors in Computing Systems},
	Doi = {10.1145/2556288.2556983},
	Isbn = {978-1-4503-2473-1},
	Keywords = {Twitter, breaks, internet, media refusal, self-control, social media, willpower},
	Location = {Toronto, Ontario, Canada},
	Pages = {773--782},
	Publisher = {ACM},
	Series = {CHI '14},
	Title = {Giving Up Twitter for Lent: How and Why We Take Breaks from Social Media},
	Url = {http://doi.acm.org/10.1145/2556288.2556983},
	Year = {2014},
	Bdsk-Url-1 = {http://doi.acm.org/10.1145/2556288.2556983},
	Bdsk-Url-2 = {https://doi.org/10.1145/2556288.2556983}}

@article{selwyn2005whose,
	Author = {Selwyn, Neil and Gorard, Stephen and Furlong, John},
	Journal = {European Journal of Communication},
	Number = {1},
	Pages = {5--26},
	Publisher = {Sage Publications Sage CA: Thousand Oaks, CA},
	Title = {Whose Internet is it anyway? Exploring adults'(non) use of the Internet in everyday life},
	Volume = {20},
	Year = {2005}}

@article{selwyn2003apart,
	Author = {Selwyn, Neil},
	Journal = {Technology in society},
	Number = {1},
	Pages = {99--116},
	Publisher = {Elsevier},
	Title = {Apart from technology: understanding people's non-use of information and communication technologies in everyday life},
	Volume = {25},
	Year = {2003}}

@inproceedings{koroleva2011its,
	Author = {Ksenia Koroleva and Hanna Krasnova and Natasha Veltri and Oliver G{\"u}nther},
	Booktitle = {In Proceedings of the International Conference on Information Systems (ICIS 2011)},
	Title = {It's All About Networking! Empirical Investigation of Social Capital Formation on Social Network Sites},
	Year = {2011}}

@article{debatin2009facebook,
	Author = {Debatin, Bernhard and Lovejoy, Jennette P and Horn, Ann-Kathrin and Hughes, Brittany N},
	Journal = {Journal of Computer-Mediated Communication},
	Number = {1},
	Pages = {83--108},
	Publisher = {Wiley Online Library},
	Title = {Facebook and online privacy: Attitudes, behaviors, and unintended consequences},
	Volume = {15},
	Year = {2009}}

@inproceedings{liu2011analyzing,
	Acmid = {2068823},
	Address = {New York, NY, USA},
	Author = {Liu, Yabing and Gummadi, Krishna P. and Krishnamurthy, Balachander and Mislove, Alan},
	Booktitle = {Proceedings of the 2011 ACM SIGCOMM Conference on Internet Measurement Conference},
	Doi = {10.1145/2068816.2068823},
	Isbn = {978-1-4503-1013-0},
	Keywords = {facebook, measurement, online social networks, privacy},
	Location = {Berlin, Germany},
	Pages = {61--70},
	Publisher = {ACM},
	Series = {IMC '11},
	Title = {Analyzing Facebook Privacy Settings: User Expectations vs. Reality},
	Url = {http://doi.acm.org/10.1145/2068816.2068823},
	Year = {2011},
	Bdsk-Url-1 = {http://doi.acm.org/10.1145/2068816.2068823},
	Bdsk-Url-2 = {https://doi.org/10.1145/2068816.2068823}}

@article{hargittai2010facebook,
	Author = {Hargittai, Eszter and others},
	Journal = {First Monday},
	Number = {8},
	Title = {Facebook privacy settings: Who cares?},
	Volume = {15},
	Year = {2010}}

@inproceedings{baumer2014refusing,
	Acmid = {2559224},
	Address = {New York, NY, USA},
	Author = {Baumer, Eric P.S. and Ames, Morgan G. and Brubaker, Jed R. and Burrell, Jenna and Dourish, Paul},
	Booktitle = {CHI `14 Extended Abstracts on Human Factors in Computing Systems},
	Doi = {10.1145/2559206.2559224},
	Isbn = {978-1-4503-2474-8},
	Keywords = {departure, laggard, non-use, techno-resistance, technology refuser},
	Location = {Toronto, Ontario, Canada},
	Numpages = {4},
	Pages = {65--68},
	Publisher = {ACM},
	Series = {CHI EA `14},
	Title = {Refusing, Limiting, Departing: Why We Should Study Technology Non-use},
	Url = {http://doi.acm.org/10.1145/2559206.2559224},
	Year = {2014},
	Bdsk-Url-1 = {http://doi.acm.org/10.1145/2559206.2559224},
	Bdsk-Url-2 = {https://doi.org/10.1145/2559206.2559224}}
