%% This BibTeX bibliography file was created using BibDesk.
%% http://bibdesk.sourceforge.net/


%% Created for Sameer Patil at 2017-09-11 10:58:36 -0400 


%% Saved with string encoding Unicode (UTF-8) 



@article{gillette2015facebook,
	Author = {Gillette, Sydney M},
	Title = {Facebook's Fall In The Social Media Age},
	Year = {2015}}
%Not a scholarly article
@misc{statistafacebook2017,
	Author = {* All products require an annual contract. Prices do not include sales tax (New York residents only).},
	Journal = {Statista},
	Title = {Facebook users worldwide 2017},
	Url = {https://www.statista.com/statistics/264810/number-of-monthly-active-facebook-users-worldwide/},
	Bdsk-Url-1 = {https://www.statista.com/statistics/264810/number-of-monthly-active-facebook-users-worldwide/}}
%Not a scholarly article
@misc{greenwood2016social,
	Author = {Greenwood, Shannon and Perrin, Andrew and Duggan, Maeve},
	Date-Modified = {2017-09-11 14:53:34 +0000},
	Journal = {Pew Research Center: Internet, Science & Tech},
	Month = {Nov},
	Title = {Social Media Update 2016},
	Url = {http://www.pewinternet.org/2016/11/11/social-media-update-2016/},
	Year = {2016},
	Bdsk-Url-1 = {http://www.pewinternet.org/2016/11/11/social-media-update-2016/}}
%Not a scholarly article
@misc{sophos2016,
	Journal = {IT Security Trends | Network Security Trends to Watch | Sophos},
	Title = {Trends to Watch in 2016},
	Url = {https://www.sophos.com/en-us/security-news-trends/security-trends/network-security-top-trends.aspx},
	Bdsk-Url-1 = {https://www.sophos.com/en-us/security-news-trends/security-trends/network-security-top-trends.aspx}}
%Not a scholarly article
@misc{guynn_2014,
	Author = {Guynn, Jessica},
	Journal = {USA Today},
	Month = {Jul},
	Publisher = {Gannett Satellite Information Network},
	Title = {Survey: Facebook scores low in customer satisfaction},
	Url = {https://www.usatoday.com/story/tech/2014/07/22/facebook-customer-satisfaction/12994539/},
	Year = {2014},
	Bdsk-Url-1 = {https://www.usatoday.com/story/tech/2014/07/22/facebook-customer-satisfaction/12994539/}}
	
@inproceedings{lampe2013users,
 author = {Lampe, Cliff and Vitak, Jessica and Ellison, Nicole},
 title = {Users and Nonusers: Interactions Between Levels of Adoption and Social Capital},
 booktitle = {Proceedings of the 2013 Conference on Computer Supported Cooperative Work},
 series = {CSCW '13},
 year = {2013},
 isbn = {978-1-4503-1331-5},
 location = {San Antonio, Texas, USA},
 pages = {809--820},
 url = {http://doi.acm.org/10.1145/2441776.2441867},
 doi = {10.1145/2441776.2441867},
 acmid = {2441867},
 publisher = {ACM},
 address = {New York, NY, USA},
 keywords = {facebook, social capital, social network sites, technology adoption},
} 

@inproceedings{baumer2013limiting,
 author = {Baumer, Eric P.S. and Adams, Phil and Khovanskaya, Vera D. and Liao, Tony C. and Smith, Madeline E. and Schwanda Sosik, Victoria and Williams, Kaiton},
 title = {Limiting, Leaving, and (Re)Lapsing: An Exploration of Facebook Non-use Practices and Experiences},
 booktitle = {Proceedings of the SIGCHI Conference on Human Factors in Computing Systems},
 series = {CHI '13},
 year = {2013},
 isbn = {978-1-4503-1899-0},
 location = {Paris, France},
 pages = {3257--3266},
 url = {http://doi.acm.org/10.1145/2470654.2466446},
 doi = {10.1145/2470654.2466446},
 acmid = {2466446},
 publisher = {ACM},
 address = {New York, NY, USA},
 keywords = {facebook, non-use, technology refusal},
} 

	
@inproceedings{bauer2013post,
 author = {Bauer, Lujo and Cranor, Lorrie Faith and Komanduri, Saranga and Mazurek, Michelle L. and Reiter, Michael K. and Sleeper, Manya and Ur, Blase},
 title = {The Post Anachronism: The Temporal Dimension of Facebook Privacy},
 booktitle = {Proceedings of the 12th ACM Workshop on Workshop on Privacy in the Electronic Society},
 series = {WPES '13},
 year = {2013},
 isbn = {978-1-4503-2485-4},
 location = {Berlin, Germany},
 pages = {1--12},
 url = {http://doi.acm.org/10.1145/2517840.2517859},
 doi = {10.1145/2517840.2517859},
 acmid = {2517859},
 publisher = {ACM},
 address = {New York, NY, USA},
 keywords = {access control, facebook, privacy, sns, temporality, time, users},
} 

%not a scholarly article
@misc{abuse2017,
	Author = {Commentary},
	Journal = {Quartz},
	Month = {Aug},
	Publisher = {Quartz},
	Title = {Linguistic data analysis of 3 billion Reddit comments shows the alt-right is getting stronger},
	Url = {https://qz.com/1056319/what-is-the-alt-right-a-linguistic-data-analysis-of-3-billion-reddit-comments-shows-a-disparate-group-that-is-quickly-uniting/},
	Year = {2017},
	Bdsk-Url-1 = {https://qz.com/1056319/what-is-the-alt-right-a-linguistic-data-analysis-of-3-billion-reddit-comments-shows-a-disparate-group-that-is-quickly-uniting/}}
%not a scholarly article
@misc{newyorktimes2017,
    Author ={Pamela Paul},
	Journal = {The New York Times},
	Month = {Aug},
	Publisher = {The New York Times},
	Title = {Save Your Sanity. Downgrade Your Life.},
	Url = {https://www.nytimes.com/2017/08/18/opinion/sunday/technology-downgrade-sanity.html},
	Year = {2017},
	Bdsk-Url-1 = {https://www.nytimes.com/2017/08/18/opinion/sunday/technology-downgrade-sanity.html?ref=opinion}}

@article{ellison2007benefits,
	Author = {Ellison, Nicole B and Steinfield, Charles and Lampe, Cliff},
	Journal = {Journal of Computer-Mediated Communication},
	Number = {4},
	Pages = {1143--1168},
	Publisher = {Wiley Online Library},
	Title = {The benefits of Facebook ``friends:'' Social capital and college students' use of online social network sites},
	Volume = {12},
	Year = {2007}}
%not a scholarly article
@misc{code_post_2017,
	Journal = {The PR Post},
	Month = {Jun},
	Title = {An example of how to perform open coding, axial coding and selective coding},
	Url = {https://prpost.wordpress.com/2013/07/22/an-example-of-how-to-perform-open-coding-axial-coding-and-selective-coding/},
	Year = {2017},
	Bdsk-Url-1 = {https://prpost.wordpress.com/2013/07/22/an-example-of-how-to-perform-open-coding-axial-coding-and-selective-coding/}}
% https://journals.lww.com/nursingresearchonline/Citation/1968/07000/The_Discovery_of_Grounded_Theory__Strategies_for.14.aspx
%No pdf found
@article{glaser1968discovery,
	Author = {Glaser, Barney G and Strauss, Anselm L and Strutzel, Elizabeth},
	Journal = {Nursing research},
	Number = {4},
	Pages = {364},
	Publisher = {LWW},
	Title = {The discovery of grounded theory; strategies for qualitative research.},
	Volume = {17},
	Year = {1968}}
	
@article{madden2012privacy,
  title={Privacy management on social media sites},
  author={Madden, Mary},
  journal={Pew Internet Report},
  pages={1--20},
  year={2012}
}

%related work
% cannot access the pdf- https://www.tandfonline.com/doi/abs/10.1080/10304310903003270
@article{crawford2009following,
  title={Following you: Disciplines of listening in social media},
  author={Crawford, Kate},
  journal={Continuum},
  volume={23},
  number={4},
  pages={525--535},
  year={2009},
  publisher={Taylor \& Francis}
}

@article{preece2004top,
  title={The top five reasons for lurking: improving community experiences for everyone},
  author={Preece, Jenny and Nonnecke, Blair and Andrews, Dorine},
  journal={Computers in human behavior},
  volume={20},
  number={2},
  pages={201--223},
  year={2004},
  publisher={Elsevier}
}
@article{nonnecke2001lurkers,
  title={Why lurkers lurk},
  author={Nonnecke, Blair and Preece, Jenny},
  journal={AMCIS 2001 Proceedings},
  pages={294},
  year={2001}
}

@inproceedings{ames2013managing,
 author = {Ames, Morgan G.},
 title = {Managing Mobile Multitasking: The Culture of iPhones on Stanford Campus},
 booktitle = {Proceedings of the 2013 Conference on Computer Supported Cooperative Work},
 series = {CSCW '13},
 year = {2013},
 isbn = {978-1-4503-1331-5},
 location = {San Antonio, Texas, USA},
 pages = {1487--1498},
 url = {http://doi.acm.org/10.1145/2441776.2441945},
 doi = {10.1145/2441776.2441945},
 acmid = {2441945},
 publisher = {ACM},
 address = {New York, NY, USA},
 keywords = {ant, digital native, ethnography, iphones, mobile phones, multitasking, scot, smartphones, technofeminism},
} 
@article{portwood2013media,
  title={Media refusal and conspicuous non-consumption: The performative and political dimensions of Facebook abstention},
  author={Portwood-Stacer, Laura},
  journal={New Media \& Society},
  volume={15},
  number={7},
  pages={1041--1057},
  year={2013},
  publisher={Sage Publications Sage UK: London, England}
}
% https://books.google.com/books?hl=en&lr=&id=nU4zz1O88mAC&oi=fnd&pg=PR9&dq=Technology+and+social+inclusion:+Rethinking+the+digital+divide&ots=rVUsUZl_0m&sig=Tq08ql8ju0hRGYyfnGIDGBamUrg#v=onepage&q=Technology%20and%20social%20inclusion%3A%20Rethinking%20the%20digital%20divide&f=false

@book{warschauer2004technology,
  title={Technology and social inclusion: Rethinking the digital divide},
  author={Warschauer, Mark},
  year={2004},
  publisher={MIT press}
}
@article{ryan2011uses,
  title={Who uses Facebook? An investigation into the relationship between the Big Five, shyness, narcissism, loneliness, and Facebook usage},
  author={Ryan, Tracii and Xenos, Sophia},
  journal={Computers in Human Behavior},
  volume={27},
  number={5},
  pages={1658--1664},
  year={2011},
  publisher={Elsevier}
}
@article{schultz2004lurkers,
  title={From lurkers to posters},
  author={Schultz, Nita and Beach, Brad},
  journal={Australian National Training Authority},
  volume={14},
  number={1},
  pages={4--23},
  year={2004}
}
@article{hargittai2007whose,
  title={Whose space? Differences among users and non-users of social network sites},
  author={Hargittai, Eszter},
  journal={Journal of Computer-Mediated Communication},
  volume={13},
  number={1},
  pages={276--297},
  year={2007},
  publisher={Wiley Online Library}
}
@article{wellman2003social,
  title={The social affordances of the Internet for networked individualism},
  author={Wellman, Barry and Quan-Haase, Anabel and Boase, Jeffrey and Chen, Wenhong and Hampton, Keith and D{\'\i}az, Isabel and Miyata, Kakuko},
  journal={Journal of Computer-Mediated Communication},
  volume={8},
  number={3},
  pages={0--0},
  year={2003},
  publisher={Wiley Online Library}
}
@article{shin2010effects,
  title={The effects of trust, security and privacy in social networking: A security-based approach to understand the pattern of adoption},
  author={Shin, Dong-Hee},
  journal={Interacting with computers},
  volume={22},
  number={5},
  pages={428--438},
  year={2010},
  publisher={Oxford University Press}
}

@inproceedings{zhao2012s,
 author = {Zhao, Xuan and Schwanda Sosik, Victoria and Cosley, Dan},
 title = {It's Complicated: How Romantic Partners Use Facebook},
 booktitle = {Proceedings of the SIGCHI Conference on Human Factors in Computing Systems},
 series = {CHI '12},
 year = {2012},
 isbn = {978-1-4503-1015-4},
 location = {Austin, Texas, USA},
 pages = {771--780},
 url = {http://doi.acm.org/10.1145/2207676.2207788},
 doi = {10.1145/2207676.2207788},
 acmid = {2207788},
 publisher = {ACM},
 address = {New York, NY, USA},
 keywords = {interpersonal communication, romantic relationships, self-presentation, social media},
} 

@article{wyatt2003non,
  title={Non-users also matter: The construction of users and non-users of the Internet},
  author={Wyatt, Sally ME and Oudshoorn, N and Pinch, T},
  journal={Now Users Matter: The Co-construction of Users and Technology},
  pages={67--79},
  year={2003},
  publisher={MIT Press}
}
@article{verdegem2009profiling,
  title={Profiling the non-user: Rethinking policy initiatives stimulating ICT acceptance},
  author={Verdegem, Pieter and Verhoest, Pascal},
  journal={Telecommunications Policy},
  volume={33},
  number={10},
  pages={642--652},
  year={2009},
  publisher={Elsevier}
}
@book{van2005deepening,
  title={The deepening divide: Inequality in the information society},
  author={Van Dijk, Jan AGM},
  year={2005},
  publisher={Sage Publications}
}
@inproceedings{satchell2009beyond,
 author = {Satchell, Christine and Dourish, Paul},
 title = {Beyond the User: Use and Non-use in HCI},
 booktitle = {Proceedings of the 21st Annual Conference of the Australian Computer-Human Interaction Special Interest Group: Design: Open 24/7},
 series = {OZCHI '09},
 year = {2009},
 isbn = {978-1-60558-854-4},
 location = {Melbourne, Australia},
 pages = {9--16},
 url = {http://doi.acm.org/10.1145/1738826.1738829},
 doi = {10.1145/1738826.1738829},
 acmid = {1738829},
 publisher = {ACM},
 address = {New York, NY, USA},
 keywords = {non-use, non-users, users},
} 
@article{rainie2012tone,
  title={The tone of life on social networking sites},
  author={Rainie, Lee and Lenhart, Amanda and Smith, Aaron},
  journal={Pew Internet Report},
  year={2012}
}
@article{lenhart2011teens,
  title={Teens, Kindness and Cruelty on Social Network Sites: How American Teens Navigate the New World of" Digital Citizenship".},
  author={Lenhart, Amanda and Madden, Mary and Smith, Aaron and Purcell, Kristen and Zickuhr, Kathryn and Rainie, Lee},
  journal={Pew Internet \& American Life Project},
  year={2011},
  publisher={ERIC}
}
@inproceedings{rader2012stories,
 author = {Rader, Emilee and Wash, Rick and Brooks, Brandon},
 title = {Stories As Informal Lessons About Security},
 booktitle = {Proceedings of the Eighth Symposium on Usable Privacy and Security},
 series = {SOUPS '12},
 year = {2012},
 isbn = {978-1-4503-1532-6},
 location = {Washington, D.C.},
 pages = {6:1--6:17},
 articleno = {6},
 url = {http://doi.acm.org/10.1145/2335356.2335364},
 doi = {10.1145/2335356.2335364},
 acmid = {2335364},
 publisher = {ACM},
 address = {New York, NY, USA},
 keywords = {mental models, security stories, stories, storytelling},
} 
@inproceedings{pierce2012undesigning,
 author = {Pierce, James},
 title = {Undesigning Technology: Considering the Negation of Design by Design},
 booktitle = {Proceedings of the SIGCHI Conference on Human Factors in Computing Systems},
 series = {CHI '12},
 year = {2012},
 isbn = {978-1-4503-1015-4},
 location = {Austin, Texas, USA},
 pages = {957--966},
 url = {http://doi.acm.org/10.1145/2207676.2208540},
 doi = {10.1145/2207676.2208540},
 acmid = {2208540},
 publisher = {ACM},
 address = {New York, NY, USA},
 keywords = {design, design theory, sustainability, undesign},
} 
@article{mclaughlin2012norm,
  title={Norm evolution and violation on Facebook},
  author={McLaughlin, Caitlin and Vitak, Jessica},
  journal={New media \& society},
  volume={14},
  number={2},
  pages={299--315},
  year={2012},
  publisher={Sage Publications Sage UK: London, England}
}
@article{karppi2011digital,
  title={Digital Suicide and the Biopolitics of Leaving Facebook.},
  author={Karppi, Tero},
  journal={Transformations (14443775)},
  number={20},
  year={2011}
}
@inproceedings{joinson2008looking,
 author = {Joinson, Adam N.},
 title = {Looking at, Looking Up or Keeping Up with People?: Motives and Use of Facebook},
 booktitle = {Proceedings of the SIGCHI Conference on Human Factors in Computing Systems},
 series = {CHI '08},
 year = {2008},
 isbn = {978-1-60558-011-1},
 location = {Florence, Italy},
 pages = {1027--1036},
 url = {http://doi.acm.org/10.1145/1357054.1357213},
 doi = {10.1145/1357054.1357213},
 acmid = {1357213},
 publisher = {ACM},
 address = {New York, NY, USA},
 keywords = {communication, facebook, motivation, social networking sites, uses and gratifications},
} 

@article{gershon2011friend,
  title={Un-friend my heart: Facebook, promiscuity, and heartbreak in a neoliberal age},
  author={Gershon, Ilana},
  journal={Anthropological Quarterly},
  volume={84},
  number={4},
  pages={865--894},
  year={2011},
  publisher={George Washington University Institute for Ethnographic Research}
}

@inproceedings{dimicco2007identity,
 author = {DiMicco, Joan Morris and Millen, David R.},
 title = {Identity Management: Multiple Presentations of Self in Facebook},
 booktitle = {Proceedings of the 2007 International ACM Conference on Supporting Group Work},
 series = {GROUP '07},
 year = {2007},
 isbn = {978-1-59593-845-9},
 location = {Sanibel Island, Florida, USA},
 pages = {383--386},
 url = {http://doi.acm.org/10.1145/1316624.1316682},
 doi = {10.1145/1316624.1316682},
 acmid = {1316682},
 publisher = {ACM},
 address = {New York, NY, USA},
 keywords = {identity, online communities, social computing, social networks, workplace},
} 

@article{ellison2007social,
  title={Social network sites: Definition, history, and scholarship},
  author={Ellison, Nicole B and others},
  journal={Journal of Computer-Mediated Communication},
  volume={13},
  number={1},
  pages={210--230},
  year={2007},
  publisher={Wiley Online Library}
}
@article{birnholtz2010adopt,
  title={Adopt, adapt, abandon: Understanding why some young adults start, and then stop, using instant messaging},
  author={Birnholtz, Jeremy},
  journal={Computers in Human Behavior},
  volume={26},
  number={6},
  pages={1427--1433},
  year={2010},
  publisher={Elsevier}
}
@book{bijker2012social,
  title={The social construction of technological systems: New directions in the sociology and history of technology},
  author={Bijker, Wiebe E and Hughes, Thomas P and Pinch, Trevor and Douglas, Deborah G},
  year={2012},
  publisher={MIT press}
}
@article{bucur1999older,
  title={How do older netcitizens compare with their younger counterparts?},
  author={Bucur, Alexander and RENOLD III, CARL and Henke, Maria},
  journal={CyberPsychology \& Behavior},
  volume={2},
  number={6},
  pages={505--513},
  year={1999}
}
@article{jung2016imagined,
  title={The Imagined Audience and Privacy Concern on Facebook: Differences Between Producers and Consumers},
  author={Jung, Yumi and Rader, Emilee},
  journal={Social Media+ Society},
  volume={2},
  number={2},
  pages={2056305116644615},
  year={2016},
  publisher={SAGE Publications Sage UK: London, England}
}
@article{stieger2013commits,
  title={Who commits virtual identity suicide? Differences in privacy concerns, internet addiction, and personality between Facebook users and quitters},
  author={Stieger, Stefan and Burger, Christoph and Bohn, Manuel and Voracek, Martin},
  journal={Cyberpsychology, Behavior, and Social Networking},
  volume={16},
  number={9},
  pages={629--634},
  year={2013},
  publisher={Mary Ann Liebert, Inc. 140 Huguenot Street, 3rd Floor New Rochelle, NY 10801 USA}
}
@book{madden2006online,
  title={Online dating: Americans who are seeking romance use the Internet to help them in their search, but there is still widespread public concern about the safety of online dating},
  author={Madden, Mary and Lenhart, Amanda},
  year={2006},
  publisher={Pew Internet \& American Life Project}
}
@article{zhao2008identity,
  title={Identity construction on Facebook: Digital empowerment in anchored relationships},
  author={Zhao, Shanyang and Grasmuck, Sherri and Martin, Jason},
  journal={Computers in human behavior},
  volume={24},
  number={5},
  pages={1816--1836},
  year={2008},
  publisher={Elsevier}
}
@article{fuchs2012political,
  title={The political economy of privacy on Facebook},
  author={Fuchs, Christian},
  journal={Television \& New Media},
  volume={13},
  number={2},
  pages={139--159},
  year={2012},
  publisher={Sage Publications Sage CA: Los Angeles, CA}
}
@article{nosko2010all,
  title={All about me: Disclosure in online social networking profiles: The case of FACEBOOK},
  author={Nosko, Amanda and Wood, Eileen and Molema, Seija},
  journal={Computers in Human Behavior},
  volume={26},
  number={3},
  pages={406--418},
  year={2010},
  publisher={Elsevier}
}

@article{baumer2015study,
  title={Why study technology non-use?},
  author={Baumer, Eric PS and Ames, Morgan G and Burrell, Jenna and Brubaker, Jed R and Dourish, Paul},
  journal={First Monday},
  volume={20},
  number={11},
  year={2015}
}

@article{baumer2015importance,
  title={On the importance and implications of studying technology non-use},
  author={Baumer, Eric PS and Burrell, Jenna and Ames, Morgan G and Brubaker, Jed R and Dourish, Paul},
  journal={interactions},
  volume={22},
  number={2},
  pages={52--56},
  year={2015},
  publisher={ACM}
}
@article{baumer2015missing,
  title={Missing photos, suffering withdrawal, or finding freedom? How experiences of social media non-use influence the likelihood of reversion},
  author={Baumer, Eric PS and Guha, Shion and Quan, Emily and Mimno, David and Gay, Geri K},
  journal={Social Media+ Society},
  volume={1},
  number={2},
  pages={2056305115614851},
  year={2015},
  publisher={SAGE Publications Sage UK: London, England}
}

@article{baumer2017comparing,
  title={Comparing grounded theory and topic modeling: Extreme divergence or unlikely convergence?},
  author={Baumer, Eric PS and Mimno, David and Guha, Shion and Quan, Emily and Gay, Geri K},
  journal={Journal of the Association for Information Science and Technology},
  volume={68},
  number={6},
  pages={1397--1410},
  year={2017},
  publisher={Wiley Online Library}
}


@inproceedings{baumer2011implication,
 author = {Baumer, Eric P.S. and Silberman, M. Six},
 title = {When the Implication is Not to Design (Technology)},
 booktitle = {Proceedings of the SIGCHI Conference on Human Factors in Computing Systems},
 series = {CHI '11},
 year = {2011},
 isbn = {978-1-4503-0228-9},
 location = {Vancouver, BC, Canada},
 pages = {2271--2274},
 url = {http://doi.acm.org/10.1145/1978942.1979275},
 doi = {10.1145/1978942.1979275},
 acmid = {1979275},
 publisher = {ACM},
 address = {New York, NY, USA},
 keywords = {design, non-design, reflective hci, sustainability},
} 

@inproceedings{baumer2017subjects,
  title={When Subjects Interpret the Data: Social Media Non-use as a Case for Adapting the Delphi Method to CSCW.},
  author={Baumer, Eric PS and Xu, Xiaotong and Chu, Christine and Guha, Shion and Gay, Geri K},
  year={2017}
}

@inproceedings{dupree2016privacy,
 author = {Dupree, Janna Lynn and Devries, Richard and Berry, Daniel M. and Lank, Edward},
 title = {Privacy Personas: Clustering Users via Attitudes and Behaviors Toward Security Practices},
 booktitle = {Proceedings of the 2016 CHI Conference on Human Factors in Computing Systems},
 series = {CHI '16},
 year = {2016},
 isbn = {978-1-4503-3362-7},
 location = {San Jose, California, USA},
 pages = {5228--5239},
 url = {http://doi.acm.org/10.1145/2858036.2858214},
 doi = {10.1145/2858036.2858214},
 acmid = {2858214},
 publisher = {ACM},
 address = {New York, NY, USA},
 keywords = {interviews, persona, privacy, security, user differences},
} 
@article{gillespie2011can,
  title={Can an algorithm be wrong? Twitter Trends, the specter of censorship, and our faith in the algorithms around us},
  author={Gillespie, Tarleton},
  journal={Culture Digitally},
  volume={19},
  year={2011}
}
@inproceedings{kang2015my,
  title={my data just goes everywhere:” user mental models of the internet and implications for privacy and security},
  author={Kang, Ruogu and Dabbish, Laura and Fruchter, Nathaniel and Kiesler, Sara},
  booktitle={Symposium on Usable Privacy and Security (SOUPS)},
  pages={39--52},
  year={2015},
  organization={USENIX Association Berkeley, CA}
}
@article{litt2013understanding,
  title={Understanding social network site users’ privacy tool use},
  author={Litt, Eden},
  journal={Computers in Human Behavior},
  volume={29},
  number={4},
  pages={1649--1656},
  year={2013},
  publisher={Elsevier}
}

@inproceedings{phelan2016s,
 author = {Phelan, Chanda and Lampe, Cliff and Resnick, Paul},
 title = {It's Creepy, But It Doesn'T Bother Me},
 booktitle = {Proceedings of the 2016 CHI Conference on Human Factors in Computing Systems},
 series = {CHI '16},
 year = {2016},
 isbn = {978-1-4503-3362-7},
 location = {San Jose, California, USA},
 pages = {5240--5251},
 url = {http://doi.acm.org/10.1145/2858036.2858381},
 doi = {10.1145/2858036.2858381},
 acmid = {2858381},
 publisher = {ACM},
 address = {New York, NY, USA},
 keywords = {privacy, privacy paradox, social awareness, social media, trust},
} 

@article{rainie2015americans,
  title={Americans’ privacy strategies post-Snowden},
  author={Rainie, Lee and Madden, Mary},
  journal={Pew Research Center},
  volume={16},
  year={2015}
}

@inproceedings{schoenebeck2014giving,
 author = {Schoenebeck, Sarita Yardi},
 title = {Giving Up Twitter for Lent: How and Why We Take Breaks from Social Media},
 booktitle = {Proceedings of the SIGCHI Conference on Human Factors in Computing Systems},
 series = {CHI '14},
 year = {2014},
 isbn = {978-1-4503-2473-1},
 location = {Toronto, Ontario, Canada},
 pages = {773--782},
 url = {http://doi.acm.org/10.1145/2556288.2556983},
 doi = {10.1145/2556288.2556983},
 acmid = {2556983},
 publisher = {ACM},
 address = {New York, NY, USA},
 keywords = {Twitter, breaks, internet, media refusal, self-control, social media, willpower},
} 

@article{selwyn2005whose,
  title={Whose Internet is it anyway? Exploring adults’(non) use of the Internet in everyday life},
  author={Selwyn, Neil and Gorard, Stephen and Furlong, John},
  journal={European Journal of Communication},
  volume={20},
  number={1},
  pages={5--26},
  year={2005},
  publisher={Sage Publications Sage CA: Thousand Oaks, CA}
}
@article{selwyn2003apart,
  title={Apart from technology: understanding people’s non-use of information and communication technologies in everyday life},
  author={Selwyn, Neil},
  journal={Technology in society},
  volume={25},
  number={1},
  pages={99--116},
  year={2003},
  publisher={Elsevier}
}


@inproceedings{koroleva2011its,
    author = {Ksenia Koroleva and Hanna Krasnova and Natasha Veltri and Oliver Günther},
    title = {It's All About Networking! Empirical Investigation of Social Capital Formation on Social Network Sites},
    booktitle = {In Proceedings of the International Conference on Information Systems (ICIS 2011)},
    year = {2011}
}
@article{debatin2009facebook,
  title={Facebook and online privacy: Attitudes, behaviors, and unintended consequences},
  author={Debatin, Bernhard and Lovejoy, Jennette P and Horn, Ann-Kathrin and Hughes, Brittany N},
  journal={Journal of Computer-Mediated Communication},
  volume={15},
  number={1},
  pages={83--108},
  year={2009},
  publisher={Wiley Online Library}
}

@inproceedings{liu2011analyzing,
 author = {Liu, Yabing and Gummadi, Krishna P. and Krishnamurthy, Balachander and Mislove, Alan},
 title = {Analyzing Facebook Privacy Settings: User Expectations vs. Reality},
 booktitle = {Proceedings of the 2011 ACM SIGCOMM Conference on Internet Measurement Conference},
 series = {IMC '11},
 year = {2011},
 isbn = {978-1-4503-1013-0},
 location = {Berlin, Germany},
 pages = {61--70},
 url = {http://doi.acm.org/10.1145/2068816.2068823},
 doi = {10.1145/2068816.2068823},
 acmid = {2068823},
 publisher = {ACM},
 address = {New York, NY, USA},
 keywords = {facebook, measurement, online social networks, privacy},
} 
@article{hargittai2010facebook,
  title={Facebook privacy settings: Who cares?},
  author={Hargittai, Eszter and others},
  journal={First Monday},
  volume={15},
  number={8},
  year={2010}
}

@inproceedings{baumer2014refusing,
 author = {Baumer, Eric P.S. and Ames, Morgan G. and Brubaker, Jed R. and Burrell, Jenna and Dourish, Paul},
 title = {Refusing, Limiting, Departing: Why We Should Study Technology Non-use},
 booktitle = {CHI `14 Extended Abstracts on Human Factors in Computing Systems},
 series = {CHI EA `14},
 year = {2014},
 isbn = {978-1-4503-2474-8},
 location = {Toronto, Ontario, Canada},
 pages = {65--68},
 numpages = {4},
 url = {http://doi.acm.org/10.1145/2559206.2559224},
 doi = {10.1145/2559206.2559224},
 acmid = {2559224},
 publisher = {ACM},
 address = {New York, NY, USA},
 keywords = {departure, laggard, non-use, techno-resistance, technology refuser},
} 



%links
%@online{squirrell_2017,author    = "Tim Squirrell",title     = "Linguistic data analysis of 3 billion Reddit comments shows the alt-right is getting stronger",url       = "https://qz.com/1056319/what-is-the-alt-right-a-linguistic-data-analysis-of-3-billion-reddit-comments-shows-a-disparate-group-that-is-quickly-uniting/",}



%@misc{gallicano_2017, title={An example of how to perform open coding, axial coding and selective coding},  url={https://prpost.wordpress.com/2013/07/22/an-example-of-how-to-perform-open-coding-axial-coding-and-selective-coding/}, journal={The PR Post}, author={Tifanny Gallicano}, year={2017}, month={Jun}}