%% This BibTeX bibliography file was created using BibDesk.
%% http://bibdesk.sourceforge.net/


%% Created for Sameer Patil at 2017-09-11 10:58:36 -0400 


%% Saved with string encoding Unicode (UTF-8) 



@article{gillette2015facebook,
	Author = {Gillette, Sydney M},
	Title = {Facebook's Fall In The Social Media Age},
	Year = {2015}}

@misc{statistafacebook2017,
	Author = {* All products require an annual contract. Prices do not include sales tax (New York residents only).},
	Journal = {Statista},
	Title = {Facebook users worldwide 2017},
	Url = {https://www.statista.com/statistics/264810/number-of-monthly-active-facebook-users-worldwide/},
	Bdsk-Url-1 = {https://www.statista.com/statistics/264810/number-of-monthly-active-facebook-users-worldwide/}}

@misc{greenwood2016social,
	Author = {Greenwood, Shannon and Perrin, Andrew and Duggan, Maeve},
	Date-Modified = {2017-09-11 14:53:34 +0000},
	Journal = {Pew Research Center: Internet, Science & Tech},
	Month = {Nov},
	Title = {Social Media Update 2016},
	Url = {http://www.pewinternet.org/2016/11/11/social-media-update-2016/},
	Year = {2016},
	Bdsk-Url-1 = {http://www.pewinternet.org/2016/11/11/social-media-update-2016/}}

@misc{sophos2016,
	Journal = {IT Security Trends | Network Security Trends to Watch | Sophos},
	Title = {Trends to Watch in 2016},
	Url = {https://www.sophos.com/en-us/security-news-trends/security-trends/network-security-top-trends.aspx},
	Bdsk-Url-1 = {https://www.sophos.com/en-us/security-news-trends/security-trends/network-security-top-trends.aspx}}

@misc{guynn_2014,
	Author = {Guynn, Jessica},
	Journal = {USA Today},
	Month = {Jul},
	Publisher = {Gannett Satellite Information Network},
	Title = {Survey: Facebook scores low in customer satisfaction},
	Url = {https://www.usatoday.com/story/tech/2014/07/22/facebook-customer-satisfaction/12994539/},
	Year = {2014},
	Bdsk-Url-1 = {https://www.usatoday.com/story/tech/2014/07/22/facebook-customer-satisfaction/12994539/}}
@inproceedings{lampe2013users,
  title={Users and nonusers: Interactions between levels of adoption and social capital},
  author={Lampe, Cliff and Vitak, Jessica and Ellison, Nicole},
  booktitle={Proceedings of the 2013 conference on Computer supported cooperative work},
  pages={809--820},
  year={2013},
  organization={ACM}
}
@inproceedings{baumer2013limiting,
  title={Limiting, leaving, and (re) lapsing: an exploration of facebook non-use practices and experiences},
  author={Baumer, Eric PS and Adams, Phil and Khovanskaya, Vera D and Liao, Tony C and Smith, Madeline E and Schwanda Sosik, Victoria and Williams, Kaiton},
  booktitle={Proceedings of the SIGCHI conference on human factors in computing systems},
  pages={3257--3266},
  year={2013},
  organization={ACM}
}
@inproceedings{bauer2013post,
	Author = {Bauer, Lujo and Cranor, Lorrie Faith and Komanduri, Saranga and Mazurek, Michelle L and Reiter, Michael K and Sleeper, Manya and Ur, Blase},
	Booktitle = {Proceedings of the 12th ACM workshop on Workshop on privacy in the electronic society},
	Organization = {ACM},
	Pages = {1--12},
	Title = {The post anachronism: The temporal dimension of Facebook privacy},
	Year = {2013}}

@misc{abuse2017,
	Author = {Commentary},
	Journal = {Quartz},
	Month = {Aug},
	Publisher = {Quartz},
	Title = {Linguistic data analysis of 3 billion Reddit comments shows the alt-right is getting stronger},
	Url = {https://qz.com/1056319/what-is-the-alt-right-a-linguistic-data-analysis-of-3-billion-reddit-comments-shows-a-disparate-group-that-is-quickly-uniting/},
	Year = {2017},
	Bdsk-Url-1 = {https://qz.com/1056319/what-is-the-alt-right-a-linguistic-data-analysis-of-3-billion-reddit-comments-shows-a-disparate-group-that-is-quickly-uniting/}}

@misc{newyorktimes2017,
	Journal = {The New York Times},
	Month = {Aug},
	Publisher = {The New York Times},
	Title = {Save Your Sanity. Downgrade Your Life.},
	Url = {https://www.nytimes.com/2017/08/18/opinion/sunday/technology-downgrade-sanity.html?ref=opinion},
	Year = {2017},
	Bdsk-Url-1 = {https://www.nytimes.com/2017/08/18/opinion/sunday/technology-downgrade-sanity.html?ref=opinion}}

@article{ellison2007benefits,
	Author = {Ellison, Nicole B and Steinfield, Charles and Lampe, Cliff},
	Journal = {Journal of Computer-Mediated Communication},
	Number = {4},
	Pages = {1143--1168},
	Publisher = {Wiley Online Library},
	Title = {The benefits of Facebook ``friends:'' Social capital and college students' use of online social network sites},
	Volume = {12},
	Year = {2007}}

@misc{code_post_2017,
	Journal = {The PR Post},
	Month = {Jun},
	Title = {An example of how to perform open coding, axial coding and selective coding},
	Url = {https://prpost.wordpress.com/2013/07/22/an-example-of-how-to-perform-open-coding-axial-coding-and-selective-coding/},
	Year = {2017},
	Bdsk-Url-1 = {https://prpost.wordpress.com/2013/07/22/an-example-of-how-to-perform-open-coding-axial-coding-and-selective-coding/}}

@article{glaser1968discovery,
	Author = {Glaser, Barney G and Strauss, Anselm L and Strutzel, Elizabeth},
	Journal = {Nursing research},
	Number = {4},
	Pages = {364},
	Publisher = {LWW},
	Title = {The discovery of grounded theory; strategies for qualitative research.},
	Volume = {17},
	Year = {1968}}
	
@article{madden2012privacy,
  title={Privacy management on social media sites},
  author={Madden, Mary},
  journal={Pew Internet Report},
  pages={1--20},
  year={2012}
}

%related work
@article{crawford2009following,
  title={Following you: Disciplines of listening in social media},
  author={Crawford, Kate},
  journal={Continuum},
  volume={23},
  number={4},
  pages={525--535},
  year={2009},
  publisher={Taylor \& Francis}
}

@article{preece2004top,
  title={The top five reasons for lurking: improving community experiences for everyone},
  author={Preece, Jenny and Nonnecke, Blair and Andrews, Dorine},
  journal={Computers in human behavior},
  volume={20},
  number={2},
  pages={201--223},
  year={2004},
  publisher={Elsevier}
}
@article{nonnecke2001lurkers,
  title={Why lurkers lurk},
  author={Nonnecke, Blair and Preece, Jenny},
  journal={AMCIS 2001 Proceedings},
  pages={294},
  year={2001}
}
@inproceedings{ames2013managing,
  title={Managing mobile multitasking: the culture of iPhones on stanford campus},
  author={Ames, Morgan G},
  booktitle={Proceedings of the 2013 conference on Computer supported cooperative work},
  pages={1487--1498},
  year={2013},
  organization={ACM}
}
@article{portwood2013media,
  title={Media refusal and conspicuous non-consumption: The performative and political dimensions of Facebook abstention},
  author={Portwood-Stacer, Laura},
  journal={New Media \& Society},
  volume={15},
  number={7},
  pages={1041--1057},
  year={2013},
  publisher={Sage Publications Sage UK: London, England}
}
@book{warschauer2004technology,
  title={Technology and social inclusion: Rethinking the digital divide},
  author={Warschauer, Mark},
  year={2004},
  publisher={MIT press}
}
@article{ryan2011uses,
  title={Who uses Facebook? An investigation into the relationship between the Big Five, shyness, narcissism, loneliness, and Facebook usage},
  author={Ryan, Tracii and Xenos, Sophia},
  journal={Computers in Human Behavior},
  volume={27},
  number={5},
  pages={1658--1664},
  year={2011},
  publisher={Elsevier}
}
@article{schultz2004lurkers,
  title={From lurkers to posters},
  author={Schultz, Nita and Beach, Brad},
  journal={Australian National Training Authority},
  volume={14},
  number={1},
  pages={4--23},
  year={2004}
}
@article{hargittai2007whose,
  title={Whose space? Differences among users and non-users of social network sites},
  author={Hargittai, Eszter},
  journal={Journal of Computer-Mediated Communication},
  volume={13},
  number={1},
  pages={276--297},
  year={2007},
  publisher={Wiley Online Library}
}
@article{wellman2003social,
  title={The social affordances of the Internet for networked individualism},
  author={Wellman, Barry and Quan-Haase, Anabel and Boase, Jeffrey and Chen, Wenhong and Hampton, Keith and D{\'\i}az, Isabel and Miyata, Kakuko},
  journal={Journal of Computer-Mediated Communication},
  volume={8},
  number={3},
  pages={0--0},
  year={2003},
  publisher={Wiley Online Library}
}
@article{shin2010effects,
  title={The effects of trust, security and privacy in social networking: A security-based approach to understand the pattern of adoption},
  author={Shin, Dong-Hee},
  journal={Interacting with computers},
  volume={22},
  number={5},
  pages={428--438},
  year={2010},
  publisher={Oxford University Press}
}
@inproceedings{zhao2012s,
  title={It's complicated: how romantic partners use facebook},
  author={Zhao, Xuan and Schwanda Sosik, Victoria and Cosley, Dan},
  booktitle={Proceedings of the SIGCHI Conference on Human Factors in Computing Systems},
  pages={771--780},
  year={2012},
  organization={ACM}
}
@article{wyatt2003non,
  title={Non-users also matter: The construction of users and non-users of the Internet},
  author={Wyatt, Sally ME and Oudshoorn, N and Pinch, T},
  journal={Now Users Matter: The Co-construction of Users and Technology},
  pages={67--79},
  year={2003},
  publisher={MIT Press}
}
@article{verdegem2009profiling,
  title={Profiling the non-user: Rethinking policy initiatives stimulating ICT acceptance},
  author={Verdegem, Pieter and Verhoest, Pascal},
  journal={Telecommunications Policy},
  volume={33},
  number={10},
  pages={642--652},
  year={2009},
  publisher={Elsevier}
}
@book{van2005deepening,
  title={The deepening divide: Inequality in the information society},
  author={Van Dijk, Jan AGM},
  year={2005},
  publisher={Sage Publications}
}
@inproceedings{satchell2009beyond,
  title={Beyond the user: use and non-use in HCI},
  author={Satchell, Christine and Dourish, Paul},
  booktitle={Proceedings of the 21st Annual Conference of the Australian Computer-Human Interaction Special Interest Group: Design: Open 24/7},
  pages={9--16},
  year={2009},
  organization={ACM}
}
@article{rainie2012tone,
  title={The tone of life on social networking sites},
  author={Rainie, Lee and Lenhart, Amanda and Smith, Aaron},
  journal={Pew Internet Report},
  year={2012}
}
@article{lenhart2011teens,
  title={Teens, Kindness and Cruelty on Social Network Sites: How American Teens Navigate the New World of" Digital Citizenship".},
  author={Lenhart, Amanda and Madden, Mary and Smith, Aaron and Purcell, Kristen and Zickuhr, Kathryn and Rainie, Lee},
  journal={Pew Internet \& American Life Project},
  year={2011},
  publisher={ERIC}
}
@inproceedings{rader2012stories,
  title={Stories as informal lessons about security},
  author={Rader, Emilee and Wash, Rick and Brooks, Brandon},
  booktitle={Proceedings of the Eighth Symposium on Usable Privacy and Security},
  pages={6},
  year={2012},
  organization={ACM}
}
@inproceedings{pierce2012undesigning,
  title={Undesigning technology: considering the negation of design by design},
  author={Pierce, James},
  booktitle={Proceedings of the SIGCHI Conference on Human Factors in Computing Systems},
  pages={957--966},
  year={2012},
  organization={ACM}
}
@article{mclaughlin2012norm,
  title={Norm evolution and violation on Facebook},
  author={McLaughlin, Caitlin and Vitak, Jessica},
  journal={New media \& society},
  volume={14},
  number={2},
  pages={299--315},
  year={2012},
  publisher={Sage Publications Sage UK: London, England}
}
@article{karppi2011digital,
  title={Digital Suicide and the Biopolitics of Leaving Facebook.},
  author={Karppi, Tero},
  journal={Transformations (14443775)},
  number={20},
  year={2011}
}
@inproceedings{joinson2008looking,
  title={Looking at, looking up or keeping up with people?: motives and use of facebook},
  author={Joinson, Adam N},
  booktitle={Proceedings of the SIGCHI conference on Human Factors in Computing Systems},
  pages={1027--1036},
  year={2008},
  organization={ACM}
}
@article{gershon2011friend,
  title={Un-friend my heart: Facebook, promiscuity, and heartbreak in a neoliberal age},
  author={Gershon, Ilana},
  journal={Anthropological Quarterly},
  volume={84},
  number={4},
  pages={865--894},
  year={2011},
  publisher={George Washington University Institute for Ethnographic Research}
}
@inproceedings{dimicco2007identity,
  title={Identity management: multiple presentations of self in facebook},
  author={DiMicco, Joan Morris and Millen, David R},
  booktitle={Proceedings of the 2007 international ACM conference on Supporting group work},
  pages={383--386},
  year={2007},
  organization={ACM}
}
@article{ellison2007social,
  title={Social network sites: Definition, history, and scholarship},
  author={Ellison, Nicole B and others},
  journal={Journal of Computer-Mediated Communication},
  volume={13},
  number={1},
  pages={210--230},
  year={2007},
  publisher={Wiley Online Library}
}
@article{birnholtz2010adopt,
  title={Adopt, adapt, abandon: Understanding why some young adults start, and then stop, using instant messaging},
  author={Birnholtz, Jeremy},
  journal={Computers in Human Behavior},
  volume={26},
  number={6},
  pages={1427--1433},
  year={2010},
  publisher={Elsevier}
}
@book{bijker2012social,
  title={The social construction of technological systems: New directions in the sociology and history of technology},
  author={Bijker, Wiebe E and Hughes, Thomas P and Pinch, Trevor and Douglas, Deborah G},
  year={2012},
  publisher={MIT press}
}
@article{bucur1999older,
  title={How do older netcitizens compare with their younger counterparts?},
  author={Bucur, Alexander and RENOLD III, CARL and Henke, Maria},
  journal={CyberPsychology \& Behavior},
  volume={2},
  number={6},
  pages={505--513},
  year={1999}
}
@article{jung2016imagined,
  title={The Imagined Audience and Privacy Concern on Facebook: Differences Between Producers and Consumers},
  author={Jung, Yumi and Rader, Emilee},
  journal={Social Media+ Society},
  volume={2},
  number={2},
  pages={2056305116644615},
  year={2016},
  publisher={SAGE Publications Sage UK: London, England}
}
@article{stieger2013commits,
  title={Who commits virtual identity suicide? Differences in privacy concerns, internet addiction, and personality between Facebook users and quitters},
  author={Stieger, Stefan and Burger, Christoph and Bohn, Manuel and Voracek, Martin},
  journal={Cyberpsychology, Behavior, and Social Networking},
  volume={16},
  number={9},
  pages={629--634},
  year={2013},
  publisher={Mary Ann Liebert, Inc. 140 Huguenot Street, 3rd Floor New Rochelle, NY 10801 USA}
}
@article{gillette2015facebook,
  title={FACEBOOK’S FALL IN THE SOCIAL MEDIA AGE},
  author={Gillette, Sydney M},
  year={2015}
}
@book{madden2006online,
  title={Online dating: Americans who are seeking romance use the Internet to help them in their search, but there is still widespread public concern about the safety of online dating},
  author={Madden, Mary and Lenhart, Amanda},
  year={2006},
  publisher={Pew Internet \& American Life Project}
}
@article{zhao2008identity,
  title={Identity construction on Facebook: Digital empowerment in anchored relationships},
  author={Zhao, Shanyang and Grasmuck, Sherri and Martin, Jason},
  journal={Computers in human behavior},
  volume={24},
  number={5},
  pages={1816--1836},
  year={2008},
  publisher={Elsevier}
}
@article{fuchs2012political,
  title={The political economy of privacy on Facebook},
  author={Fuchs, Christian},
  journal={Television \& New Media},
  volume={13},
  number={2},
  pages={139--159},
  year={2012},
  publisher={Sage Publications Sage CA: Los Angeles, CA}
}
@article{nosko2010all,
  title={All about me: Disclosure in online social networking profiles: The case of FACEBOOK},
  author={Nosko, Amanda and Wood, Eileen and Molema, Seija},
  journal={Computers in Human Behavior},
  volume={26},
  number={3},
  pages={406--418},
  year={2010},
  publisher={Elsevier}
}

%links
%@online{squirrell_2017,author    = "Tim Squirrell",title     = "Linguistic data analysis of 3 billion Reddit comments shows the alt-right is getting stronger",url       = "https://qz.com/1056319/what-is-the-alt-right-a-linguistic-data-analysis-of-3-billion-reddit-comments-shows-a-disparate-group-that-is-quickly-uniting/",}



%@misc{gallicano_2017, title={An example of how to perform open coding, axial coding and selective coding},  url={https://prpost.wordpress.com/2013/07/22/an-example-of-how-to-perform-open-coding-axial-coding-and-selective-coding/}, journal={The PR Post}, author={Tifanny Gallicano}, year={2017}, month={Jun}}